@phdthesis{Girard72,
	author={Girard, Jean-Yves},
	year={1972},
	title={Interpr\'etation fonctionelle et \'elimination des coupures danse l'arithm\'etique d'ordre sup\'erieur},
	school={Universit\'e Paris 7}
}
@inproceedings{Reynolds74,
	author={Reynolds, John C.},
	year={1974},
	title={Towards a theory of type structure},
	pages={408--423},
	eventdate={1974-04-09/1974-04-11},
	venue={Paris},
	publisher={Springer-Verlag},
	booktitle={Programming Symposium},
	booksubtitle={Colloque sur la Programmation},
	volume={19},
	series={LNCS}
}
@article{Igarashi01,
	author={Igarashi, Atsushi and Pierce, Benjamin C. and Wadler, Philip},
	title={Featherweight {Java}: a minimal core calculus for {Java} and {GJ}},
	journal={ACM Transactions on Programming Languages and Systems},
	volume={23},
	number={3},
	year={2001},
	month=may,
	pages={396--450},
	doi={10.1145/503502.503505}
}
@misc{Zhang16,
	author={Zhang, Keyan},
	year={2016},
	title={The Super Tiny Interpreter},
	publisher={GitHub},
	url={https://github.com/keyanzhang/the-super-tiny-interpreter}
}
